@inproceedings{horsman2014does, 
title={When does a physical system compute?}, 
author={Horsman, Clare and Stepney, Susan and Wagner, Rob C and Kendon, Viv}, 
booktitle={Proc. R. Soc. A}, 
volume={470},
number={2169}, 
pages={1--25}, 
year={2014}, 
organization={The Royal Society} }

@article{shneiderman1977experimental, 
title={Experimental investigations of the utility of detailed flowcharts in programming}, 
author={Shneiderman, Ben and Mayer, Richard and McKay, Don and Heller, Peter}, 
journal={Communications of the ACM}, 
volume={20}, 
number={6}, 
pages={373--381}, 
year={1977}, 
publisher={ACM} }

@article{gilbert1988fast, 
title={A fast procedure for computing the distance between complex objects in three-dimensional space}, 
author={Gilbert, Elmer G and Johnson, Daniel W and Keerthi, S Sathiya}, journal={IEEE Journal on Robotics and Automation}, 
volume={4}, 
number={2}, 
pages={193--203}, 
year={1988},
publisher={IEEE} }

@article{dijkstra1968letters, 
title={Letters to the editor: go to statement considered harmful}, 
author={Dijkstra, Edsger W}, 
journal={Communications of the ACM}, 
volume={11}, 
number={3}, 
pages={147--148}, 
year={1968}, 
publisher={ACM} }

@article{goldstein5planning,
  title={Planning and coding problems for an electronic computing instrument, part II, vol I. Rep. prepared for the US Army Ordinance Dept., 1947. Reprinted in von Neumann, J},
  author={Goldstein, HH},
  journal={Collected Works},
  volume={5},
  pages={80--151}}

@article{Tuckman,
  title={Developmental sequence in small groups.},
  author={Tuckman, Bruce W},
  journal={Psychological bulletin},
  volume={63},
  number={6},
  pages={384},
  year={1965},
  publisher={American Psychological Association}}